
@inproceedings{arcuri2017restful,
  title={RESTful API Automated Test Case Generation},
  author={Arcuri, Andrea},
  booktitle={Software Quality, Reliability and Security (QRS), 2017 IEEE International Conference on},
  pages={9--20},
  year={2017},
  organization={IEEE}
}
